<record><leader>00000cas a22000007a 4500</leader><controlfield tag="001">37130142</controlfield><controlfield tag="008">970616d19061906okuwr n       0    0eng d</controlfield><datafield ind1=" " ind2=" " tag="010"><subfield code="a">sn 97064937 </subfield></datafield><datafield ind1=" " ind2=" " tag="040"><subfield code="a">OBN</subfield><subfield code="b">eng</subfield><subfield code="c">OBN</subfield><subfield code="d">OCLCQ</subfield><subfield code="d">OCLCO</subfield></datafield><datafield ind1="1" ind2=" " tag="029"><subfield code="a">AU@</subfield><subfield code="b">000013335438</subfield></datafield><datafield ind1=" " ind2=" " tag="042"><subfield code="a">msc</subfield></datafield><datafield ind1=" " ind2=" " tag="043"><subfield code="a">n-us-ok</subfield></datafield><datafield ind1="0" ind2=" " tag="130"><subfield code="a">Goodnight news (Goodnight, Okla.)</subfield></datafield><datafield ind1="1" ind2="4" tag="245"><subfield code="a">The Goodnight news.</subfield></datafield><datafield ind1=" " ind2=" " tag="260"><subfield code="a">Goodnight, Okla. :</subfield><subfield code="b">J.A. Millard</subfield></datafield><datafield ind1=" " ind2=" " tag="300"><subfield code="a">v.</subfield></datafield><datafield ind1=" " ind2=" " tag="310"><subfield code="a">Weekly</subfield></datafield><datafield ind1="0" ind2=" " tag="362"><subfield code="a">Vol. 1, no. 8 (May 17, 1906)-v. 1, no. 16 (Nov, 15, 1906).</subfield></datafield><datafield ind1=" " ind2=" " tag="580"><subfield code="a">Issued with: Cimarron Valley Clipper.</subfield></datafield><datafield ind1=" " ind2="0" tag="651"><subfield code="a">Goodnight (Okla.)</subfield><subfield code="v">Newspapers.</subfield></datafield><datafield ind1=" " ind2="0" tag="651"><subfield code="a">Logan County (Okla.)</subfield><subfield code="v">Newspapers.</subfield></datafield><datafield ind1=" " ind2=" " tag="752"><subfield code="a">United States</subfield><subfield code="b">Oklahoma</subfield><subfield code="c">Logan</subfield><subfield code="d">Goodnight.</subfield></datafield><datafield ind1="0" ind2=" " tag="775"><subfield code="t">Cimarron Valley clipper</subfield><subfield code="w">(DLC)sn 97064938</subfield></datafield><datafield ind1="0" ind2="0" tag="780"><subfield code="t">Goodnight department</subfield><subfield code="w">(DLC)sn 97064936</subfield><subfield code="w">(OCoLC)37130110</subfield></datafield></record>